<?xml version="1.0" encoding="UTF-8"?><collection xmlns="http://www.loc.gov/MARC21/slim"><record><leader>00549nam--2200193-u-4500</leader><controlfield tag="001">000053117</controlfield><controlfield tag="002">20161230</controlfield><controlfield tag="005">20161230201050</controlfield><controlfield tag="008">110106s1000------------r-----000-0-eng-d</controlfield><datafield ind1=" " ind2=" " tag="020"><subfield code="a">0471011460</subfield></datafield><datafield ind1=" " ind2=" " tag="040"><subfield code="a">IFIN-HH</subfield></datafield><datafield ind1=" " ind2=" " tag="080"><subfield code="a">539.1.08</subfield></datafield><datafield ind1="1" ind2=" " tag="100"><subfield code="a">Attix, Frank Herbert</subfield></datafield><datafield ind1="1" ind2="0" tag="245"><subfield code="a">Introduction to radiological physics and radiation dosimetry</subfield><subfield code="c">Frank herbert attix</subfield></datafield><datafield ind1=" " ind2=" " tag="260"><subfield code="a">New York</subfield><subfield code="b">John Wiley And Sons, Inc</subfield><subfield code="c">1986</subfield></datafield><datafield ind1=" " ind2=" " tag="300"><subfield code="a">607P</subfield></datafield><datafield ind1=" " ind2="4" tag="650"><subfield code="a">Medical Physics</subfield></datafield><datafield ind1=" " ind2=" " tag="852"><subfield code="a">81407</subfield><subfield code="c">539.1.07:539.1.08</subfield></datafield><datafield ind1=" " ind2=" " tag="CAT"><subfield code="a">Sys</subfield><subfield code="c">20110106</subfield><subfield code="h">103315</subfield></datafield></record></collection>